<?xml version="1.0" encoding="UTF-8"?>
<collection xmlns="http://www.loc.gov/MARC21/slim">
    <!-- One item type EDI-REMOVE -->
    <record>
        <leader>01767nam a22003614a 4500</leader>
        <controlfield tag="001">aEdiRemove</controlfield>
        <controlfield tag="008">090721s2009    gw a     b    000 0 ger c</controlfield>
        <datafield tag="245" ind1=" " ind2=" ">
            <subfield code="a">item type EDI-REMOVE</subfield>
        </datafield>
        <datafield tag="999" ind1=" " ind2=" ">
            <subfield code="a">SKIP</subfield>
            <subfield code="w">ASIS</subfield>
            <subfield code="c">1</subfield>
            <subfield code="i">777</subfield>
            <subfield code="l">EDI</subfield>
            <subfield code="m">SUL</subfield>
            <subfield code="t">EDI-REMOVE</subfield>
        </datafield>
    </record>