
    <!-- one skipped loc, one valid -->    
    <record>
        <leader>01149nam a22002891  4500</leader>
        <controlfield tag="001">akeepOne</controlfield>
        <controlfield tag="008">840514s1962    enk      b    000 0 eng  </controlfield>
        <datafield tag="245" ind1="1" ind2="0">
            <subfield code="a">keep one, skip one</subfield>
        </datafield>
        <datafield tag="999" ind1=" " ind2=" ">
            <subfield code="a">KEEP</subfield>
            <subfield code="w">ASIS</subfield>
            <subfield code="c">1</subfield>
            <subfield code="i">KEEP</subfield>
            <subfield code="l">STACKS</subfield>
            <subfield code="m">GREEN</subfield>
            <subfield code="t">STKS</subfield>
        </datafield>
        <datafield tag="999" ind1=" " ind2=" ">
            <subfield code="a">SKIP</subfield>
            <subfield code="w">ASIS</subfield>
            <subfield code="c">2</subfield>
            <subfield code="i">SKIP</subfield>
            <subfield code="l">MAPCASES-S</subfield>
            <subfield code="m">SAL</subfield>
            <subfield code="t">STKS-MONO</subfield>
            <subfield code="o">.TECHSTAFF. tf:MATH 8/97 batch</subfield>
        </datafield>
    </record>