
    <!-- No Items -->
    <record>
        <leader>00719cam a2200241Li 4500</leader>
        <controlfield tag="001">aNoItems</controlfield>
        <controlfield tag="008">980209s1969    sz            00| 0 ger u</controlfield>
        <datafield tag="245" ind1="1" ind2="0">
            <subfield code="a">No items - should be On-Order</subfield>
        </datafield>
    </record>