
    <!-- single shadowed home location -->
    <record>
        <leader>01151cam a2200277 i 4500</leader>
        <controlfield tag="001">askipHomeLoc</controlfield>
        <controlfield tag="008">800812s1979    ilu      b    000 0 eng  </controlfield>
        <datafield tag="245" ind1="1" ind2="0">
            <subfield code="a">single Shadowed home location</subfield>
        </datafield>
        <datafield tag="999" ind1=" " ind2=" ">
            <subfield code="a">Z7164.T23.W45</subfield>
            <subfield code="w">LC</subfield>
            <subfield code="c">1</subfield>
            <subfield code="i">36105035887392</subfield>
            <subfield code="l">FED-DOCS-S</subfield>
            <subfield code="m">GREEN</subfield>
            <subfield code="t">STKS-MONO</subfield>
        </datafield>
    </record>
</collection>